@book{Goodfellow-et-al-2016,
    title={Deep Learning},
    author={Ian Goodfellow and Yoshua Bengio and Aaron Courville},
    publisher={MIT Press},
    year={2016}
}


@article{journals/corr/DumoulinV16,
  added-at = {2016-04-02T00:00:00.000+0200},
  author = {Dumoulin, Vincent and Visin, Francesco},
  biburl = {https://www.bibsonomy.org/bibtex/2f00abfcfc0627c65ea10b68ecef24cac/dblp},
  ee = {http://arxiv.org/abs/1603.07285},
  interhash = {47f037084e2155cec24f09bf4897dcba},
  intrahash = {f00abfcfc0627c65ea10b68ecef24cac},
  journal = {CoRR},
  keywords = {dblp},
  timestamp = {2016-04-05T11:39:38.000+0200},
  title = {A guide to convolution arithmetic for deep learning.},
  url = {http://dblp.uni-trier.de/db/journals/corr/corr1603.html#DumoulinV16},
  volume = {abs/1603.07285},
  year = 2016
}



